@inproceedings{acar04,
author    = "Acar, Umut A. and Blelloch, Guy E. and Harper, Robert and Vittes, Jorge L. and MaverickWoo, Shan Leung ",
title     = "Dynamizing Static Algorithms, with Applications to Dynamic Trees and History Independence",
language  = "english",
booktitle = "15th SODA",
pages     = "524--533",
year      = "2004"
}


@inproceedings{acar05,
author    = "Acar, U.A. and Blelloch, G. E. and Vittes, J. L.",
title     = "An experimental analysis of change propagation in dynamic trees",
language  = "english",
booktitle = "7th ALENEX",
pages     = "41--54",
year      = "2005"
}                               


@inproceedings{tarj07,
author    = "Tarjan, Robert E. and Werneck, Renato F. ",
title     = "Dynamic Trees in Practice",
language  = "english",
booktitle = "6th WEA",
pages     = "80--93",
year      = "2007"
}

@inproceedings{tarj83,
author    = "Sleator, D. D. and Tarjan, R. E.",
title     = "A Data Structure for Dynamic Trees",
language  = "english",
booktitle = "13th STOC",
pages     = "114",
year      = "1983"
}                                                                                                                                 


@inproceedings{tarj86,
author    = "Goldberg, A. V. and Tarjan, R. E.",
title     = "A new approach to the maximum flow problem",
language  = "english",
booktitle = "18th STOC",
pages     = "136",
year      = "1986"
}

@inproceedings{alst05,
author    = "Alstrup, S. and Holm, J. and Thorup, M. and de Lichtenberg, K.",
title     = "Maintaining information in fully dynamic trees with top trees",
language  = "english",
booktitle = "ACM TALG 1(2)",
pages     = "243--264",
year      = "2005"
}    
                                                                                                                                   
@ONLINE{github,
author = {Minaiev, B.},
title = {Implementation of Dynamic Rake-Compress trees},
year = {2015},
url = {https://github.com/BorysMinaiev/DynamicRakeCompressTrees}
}


@inproceedings{loca91,
author    = "Goodrich, Michael T. and Tamassia, Robrto",
title     = "Dynamic Trees and Dynamic Point Location",
language  = "english",
booktitle = "23rd STOC",
year      = "1991"
}                        


@inproceedings{fred85,
author    = "Frederickson, G.N.",
title     = "Data structures for on-line update of minimum spanning trees, with applications",
language  = "english",
booktitle = "SIAM J. Comp. 14(4)",
pages     = "781--798",
year      = "1985"
}                        

                       











